<collection xmlns="http://www.loc.gov/MARC21/slim">
<record>
  <leader>01226nam0a2200241 i 450 </leader>
  <controlfield tag="001">IT\ICCU\CNCE\078541</controlfield>
  <controlfield tag="005">20160309000000.0</controlfield>
  <datafield tag="012" ind1=" " ind2=" ">
    <subfield code="a">uor- ero- noe- gnd&apos; (3) 1595 (R)</subfield>
    <subfield code="2">fei</subfield>
  </datafield>
  <datafield tag="100" ind1=" " ind2=" ">
    <subfield code="a">20140516d1595        0itac0103    ba</subfield>
  </datafield>
  <datafield tag="101" ind1=" " ind2=" ">
    <subfield code="a">ITA</subfield>
  </datafield>
  <datafield tag="102" ind1=" " ind2=" ">
    <subfield code="a">IT</subfield>
  </datafield>
  <datafield tag="200" ind1="1" ind2=" ">
    <subfield code="a">℗La ℗Lesina, dialogo capitoli, et ragionamenti della celeberrima Compagnia de&apos; Lesinanti. Con altre dicerie in lode di detta Compagnia</subfield>
  </datafield>
  <datafield tag="210" ind1=" " ind2=" ">
    <subfield code="a">\Ferrara!</subfield>
    <subfield code="c">stampata per ordine de gli otto operaj di detta compagnia</subfield>
    <subfield code="d">1595</subfield>
    <subfield code="e">In Ferrara</subfield>
    <subfield code="g">appresso Vittorio Baldini</subfield>
    <subfield code="h">1595</subfield>
  </datafield>
  <datafield tag="215" ind1=" " ind2=" ">
    <subfield code="a">63, \1! p.</subfield>
    <subfield code="d">8ʻ</subfield>
  </datafield>
  <datafield tag="620" ind1=" " ind2=" ">
    <subfield code="a">IT</subfield>
    <subfield code="d">Ferrara</subfield>
  </datafield>
  <datafield tag="710" ind1="0" ind2="2">
    <subfield code="a">Compagnia della Lesina</subfield>
    <subfield code="3">28616</subfield>
  </datafield>
  <datafield tag="712" ind1="0" ind2="0">
    <subfield code="a">Baldini, Vittorio</subfield>
    <subfield code="3">IT\ICCU\CNCT\000024</subfield>
    <subfield code="4">650</subfield>
  </datafield>
  <datafield tag="791" ind1="0" ind2="2">
    <subfield code="a">Stamperia Camerale</subfield>
    <subfield code="c"> &lt;Ferrara&gt;</subfield>
    <subfield code="3">IT\ICCU\CNCT\002460</subfield>
    <subfield code="z">Baldini, Vittorio</subfield>
  </datafield>
  <datafield tag="791" ind1="0" ind2="0">
    <subfield code="a">Baldinus, Victorius</subfield>
    <subfield code="3">IT\ICCU\CNCT\004286</subfield>
    <subfield code="z">Baldini, Vittorio</subfield>
  </datafield>
  <datafield tag="801" ind1=" " ind2="3">
    <subfield code="a">IT</subfield>
    <subfield code="b">ICCU</subfield>
    <subfield code="c">20201115</subfield>
  </datafield>
  <datafield tag="899" ind1=" " ind2=" ">
    <subfield code="a">Collezione privata. Firenze</subfield>
    <subfield code="1">FI0615</subfield>
  </datafield>
  <datafield tag="911" ind1=" " ind2=" ">
    <subfield code="a">Nel coloph.</subfield>
    <subfield code="9">IT\ICCU\CNCM\002634</subfield>
  </datafield>
  <datafield tag="921" ind1=" " ind2=" ">
    <subfield code="a">IT\ICCU\CNCM\002634</subfield>
    <subfield code="b">Caduceo (bastone alato su cui si attorcigliano simmetricamente due serpenti) tenuto insieme a rose e spighe da due mani che si stringono uscendo da nuvole.</subfield>
    <subfield code="c">U1148</subfield>
    <subfield code="f">CADUCEO</subfield>
    <subfield code="f">MANI</subfield>
    <subfield code="f">SPIGHE</subfield>
    <subfield code="f">ROSE</subfield>
    <subfield code="g">1593-1598</subfield>
  </datafield>
</record>
</collection>
